@Comment{$ biblatex control file $}
<<<<<<< HEAD
@Comment{$ biblatex version 2.7 $}
=======
@Comment{$ biblatex version 2.8 $}
>>>>>>> origin/master
Do not modify this file!

This is an auxiliary file used by the 'biblatex' package.
This file may safely be deleted. It will be recreated as
required.

@Control{biblatex-control,
<<<<<<< HEAD
  options = {2.7:0:0:1:1:1:1:0:0:1:0:2:2:1:79:+:nyt},
=======
  options = {2.8:0:0:1:1:1:1:0:0:1:0:2:2:1:79:+:nyt},
>>>>>>> origin/master
}
