@Preamble{ " \newcommand{\noop}[1]{} " }

 @misc{bd2016,
	author = {BusinessDictionary},
	title = "Workflow",
	year = "2016",
	url = "http://www.businessdictionary.com/definition/workflow.html",
	note = "[Online; accessed 15-June-2016]"
}

@book{gandrud2013reproducible,
	title={Reproducible Research with R and R Studio},
	author={Gandrud, Christopher},
	year={2013},
	publisher={CRC Press}
}

@book{stodden2014implementing,
	title={Implementing reproducible research},
	author={Stodden, Victoria and Leisch, Friedrich and Peng, Roger D},
	year={2014},
	publisher={CRC Press}
}

@online{darribas_gds15,
	author = {Daniel Arribas-Bel},
	title = {Geographic Data Science'15},
	year = {2016},
	url = {http://darribas.org/gds15},
	urldate = {2016-02-19},
	doi = {10.5281/zenodo.46313}
}

@inproceedings{perez2015ipython,
	title={IPython: From interactive computing to computational narratives},
	author={Perez, Fernando},
	booktitle={2015 AAAS Annual Meeting (12-16 February 2015)},
	year={2015},
	organization={aaas}
}

@book{hempel2006medical,
	title={The medical detective: John Snow and the mystery of cholera},
	author={Hempel, Sandra},
	year={2006},
	publisher={Granta Books}
}

@article{arribas2015woow,
	title={WooW-II: Workshop on open workflows},
	author={Arribas-Bel, Daniel and de Graaff, Thomas},
	journal={REGION},
	volume={2},
	number={2},
	pages={1--2},
	year={2015}
}

@article{healy2011choosing,
	title={Choosing your workflow applications},
	author={Healy, Kieran},
	journal={The Political Methodologist},
	volume={18},
	number={2},
	pages={9--18},
	year={2011}
}

@article{case2015rising,
	title={Rising morbidity and mortality in midlife among white non-Hispanic Americans in the 21st century},
	author={Case, Anne and Deaton, Angus},
	journal={Proceedings of the National Academy of Sciences},
	volume={112},
	number={49},
	pages={15078--15083},
	year={2015},
	publisher={National Acad Sciences}
}


@Article{Rey:2009xy,
	Title                    = {Show me the code: Spatial analysis and open source},
	Author                   = {Sergio~J. Rey},
	Journal                  = {Journal of Geographical Systems},
	Year                     = {2009},
	Pages                    = {191-207},
	Volume                   = {11},
	Date-added               = {2009-07-09 15:25:16 -0400},
	Date-modified            = {2014-11-24 16:47:56 +0000},
	File                     = {:library/Rey/2009a.pdf:PDF},
	Keywords                 = {open source}
}


@Article{Rey:2014cl,
	Title                    = {Open regional science},
	Author                   = {Sergio~J. Rey},
	Journal                  = {Annals of Regional Science},
	Year                     = {2014},
	Number                   = {3},
	Pages                    = {825-837},
	Volume                   = {52},
	Date-added               = {2014-05-09 00:39:20 +0000},
	Date-modified            = {2014-11-24 16:47:56 +0000},
	File                     = {:Rey/2014f.pdf:PDF},
	Keywords                 = {open science,regional science}
}

@article{Bernasco2016,
	title={Social Interactions and Crime Revisited: An Investigation Using Individual Offender Rates},
	author={Bernasco, Wim and de Graaff, Thomas and Rouwendal, Jan and Steenbeek, Wouter},
	journal={Review of Economics and Statistics},
	year={\noop{3002}Forthcoming},
	publisher={MIT Press}
}

@article{Thissen2016,
	title={Competitive network positions in trade and structural economic growth: A geographically weighted regression analysis for European regions},
	author={Thissen, Mark and de Graaff, Thomas and van Oort, Frank G.},
	journal={Papers in Regional Science},
	volume={95},
	number={1},
	pages={159--180},
	year={2016},
	publisher={Wiley}
}

@article{Wang2016,
	author = {Wang Zhiling and de Graaff, Thomas and Nijkamp, Peter},
	title = {Cultural Diversity and Cultural Distance as Choice Determinants of Migration Destination},
	journal = {Spatial Economic Analysis},
	volume = {11},
	number = {2},
	pages = {176--200},
	year = {2016},
	doi = {10.1080/17421772.2016.1102956},
	URL = {http://dx.doi.org/10.1080/17421772.2016.1102956}
	}

@article{arribas2015woow,
	title={WooW-II: Workshop on open workflows},
	author={Arribas-Bel, Daniel and de Graaff, Thomas},
	journal={REGION},
	volume={2},
	number={2},
	pages={R1--R2},
	year={2015}
}

@article{lankhuizen2015,
	title={Product heterogeneity, intangible barriers and distance decay: the effect of multiple dimensions of distance on trade across different product categories},
	author={Lankhuizen, Maureen B.M. and De Graaff, Thomas and De Groot, Henri L.F.},
	journal={Spatial Economic Analysis},
	volume={10},
	number={2},
	pages={137--159},
	year={2015},
	publisher={Taylor \& Francis}
}

@article{Beckhusen2013,
	author = {Beckhusen, Julia and Florax, Raymond J.G.M. and de Graaff, Thomas and Poot, Jacques and Waldorf, Brigitte S.},
	journal = {Papers in Regional Science},
	number = {2},
	pages = {305--328},
	title = {Living and working in ethnic enclaves: English Language proficiency of immigrants in US metropolitan areas},
	volume = {92},
	year = {2013}
}
@article{DeGraaff2002,
	author = {de Graaff, Thomas and Reggiani, Aura and Nijkamp, Peter},
	journal = {Networks and Spatial Economics},
	keywords = {Spatial},
	pages = {211--229},
	title = {Resilience: An Evolutionary Approach to Spatial Economic Systems},
	volume = {2},
	year = {2002}
}
@article{DeGraaff2013,
	author = {de Graaff, Thomas and van Leuvensteijn, Michiel},
	journal = {Regional Studies},
	number = {9},
	pages = {1443--1461},
	title = {A European Cross-Country Comparison of the Impact of Homeownership and Transaction Costs on Job Tenure},
	volume = {47},
	year = {2013}
}
@article{DeGraaff2009,
	author = {de Graaff, Thomas and Boter, Jaap and Rouwendal, Jan},
	issn = {0308-518X},
	journal = {Environment and Planning A},
	keywords = {AMENITIES,BUSINESS,CITIES,CITY,CONTEXT,Competition,Dependence,FLOWS,Gravity,Gravity Model,Heterogeneity,MODEL,NETHERLANDS,Spatial,Spatial Dependence,Spatial error,TIME},
	month = nov,
	number = {11},
	pages = {2778--2797},
	title = {On spatial differences in the attractiveness of Dutch museums},
	volume = {41},
	year = {2009}
}
@article{DeGraaff2001b,
	author = {de Graaff, Thomas and Florax, Raymond J.G.M. and Nijkamp, Peter and Reggiani, Aura},
	journal = {Journal of Regional Science},
	keywords = {Dependence,Heterogeneity,Regression,Spatial},
	number = {2},
	pages = {255--276},
	title = {A General Misspecification Test for Spatial Regression Models: Dependence, Heterogeneity, and Nonlinearity},
	volume = {41},
	year = {2001}
}
@article{DeGraaff2004a,
	author = {de Graaff, Thomas and Rietveld, Piet},
	journal = {Environment and Planning A},
	pages = {879--896},
	title = {ICT and Substitution between Out-of-home and At Home Work; The Importance of Timing},
	volume = {36},
	year = {2004}
}
@article{DeGraaff2007a,
	author = {de Graaff, Thomas and Rietveld, Piet},
	journal = {Transportation Research A},
	keywords = {Commuting,Substitution,Working at home},
	pages = {142--160},
	title = {Substitution between Working at Home and Out-of-home; The Role of ICT and Commuting Costs},
	volume = {41},
	year = {2007}
}
@article{DeGraaff2012,
	author = {de Graaff, Thomas and van Oort, Frank G. and Florax, Raymond J.G.M.},
	issn = {0022-4146},
	journal = {Journal of Regional Science},
	number = {1},
	pages = {60--84},
	title = {Regional Population-Employment Dynamics Across Different Sectors of the Economy},
	volume = {52},
	year = {2012}
}
@article{Graaff2012,
	author = {de Graaff, Thomas and van Oort, Frank G. and Florax, Raymond J.G.M.},
	file = {:C$\backslash$:/Users/tgf200/AppData/Local/Mendeley Ltd./Mendeley Desktop/Downloaded/de Graaff, van Oort, Florax - 2012 - Sectoral heterogeneity, accessibility and population-employment dynamics in Dutch cities.pdf:pdf},
	journal = {Journal of Transport Geography},
	pages = {115--127},
	title = {Sectoral heterogeneity, accessibility and population-employment dynamics in Dutch cities},
	volume = {25},
	year = {2012}
}
@article{DeGraaff2007,
	author = {de Graaff, Thomas and de Groot, Henri L.F. and Rodenburg, Caroline and Verhoef, Erik T.},
	file = {:C$\backslash$:/Users/tgf200/AppData/Local/Mendeley Ltd./Mendeley Desktop/Downloaded/de Graaff et al. - 2007 - The WTP for facilities at the Amsterdam Zuidas.pdf:pdf},
	issn = {0308-518X},
	journal = {Environment and Planning A},
	number = {9},
	pages = {2099--2118},
	title = {The WTP for facilities at the Amsterdam Zuidas},
	volume = {39},
	year = {2007}
}
@article{DeGraaff2010,
	author = {de Graaff, Thomas and Nijkamp, Peter},
	file = {:C$\backslash$:/Users/tgf200/AppData/Local/Mendeley Ltd./Mendeley Desktop/Downloaded/de Graaff, Nijkamp - 2010 - Socio-economic impacts of migrant clustering on Dutch neighbourhoods In search of optimal migrant diversity.pdf:pdf},
	issn = {00380121},
	journal = {Socio-Economic Planning Sciences},
	month = dec,
	number = {4},
	pages = {231--239},
	title = {Socio-economic impacts of migrant clustering on Dutch neighbourhoods: In search of optimal migrant diversity},
	volume = {44},
	year = {2010}
}
@article{Florax2005a,
	author = {Florax, Raymond J.G.M. and de Graaff, Thomas and Waldorf, Brigitte S.},
	journal = {Environment and Planning A},
	keywords = {Assimilation,Immigrants,Language,Spatial},
	pages = {1877--1897},
	title = {A Spatial Economic Perspective on Language Acquisition: Segregation, Networking and Assimilation of Immigrants},
	volume = {37},
	year = {2005}
}
@article{Gubins2012,
	author = {Gubins, Sergejs and Verhoef, Erik T. and de Graaff, Thomas},
	file = {:C$\backslash$:/Users/tgf200/AppData/Local/Mendeley Ltd./Mendeley Desktop/Downloaded/Gubins, Verhoef, de Graaff - 2012 - Welfare effects of road pricing and traffic information under alternative ownership regimes.pdf:pdf},
	issn = {09658564},
	journal = {Transportation Research Part A: Policy and Practice},
	keywords = {information,private information provider,private road operator,willingness to pay for},
	month = oct,
	number = {8},
	pages = {1304--1317},
	publisher = {Elsevier Ltd},
	title = {Welfare effects of road pricing and traffic information under alternative ownership regimes},
	volume = {46},
	year = {2012}
}
@article{VanderKrabben2008,
	author = {van der Krabben, Erwin and Martens, Karel and de Graaff, Thomas and Rietveld, Piet},
	journal = {Planning, Practice and Research},
	pages = {363--381},
	title = {How to define the optimal level of public sector infrastructure development? A conceptual model for decision-making in infrastructure projects},
	volume = {23},
	year = {2008}
}
@article{Waldorf2010,
	author = {Waldorf, Brigitte S. and Beckhusen, Julia and Florax, Raymond J.G.M. and de Graaff, Thomas},
	file = {:C$\backslash$:/Users/tgf200/AppData/Local/Mendeley Ltd./Mendeley Desktop/Downloaded/Waldorf et al. - 2010 - The role of human capital in language acquisition among immigrants in US metropolitan.pdf:pdf},
	issn = {17577802},
	journal = {Regional Science Policy \& Practice},
	keywords = {human capital,immigration,language acquisition},
	month = jul,
	number = {1},
	pages = {39--49},
	title = {The role of human capital in language acquisition among immigrants in US metropolitan},
	volume = {2},
	year = {2010}
}

@book{DeGraaff2002book,
	title={Migration, ethnic minorities and network externalities},
	author={de Graaff, Thomas},
	year={2002},
	publisher={Thela Thesis}
}

@book{DeGraaff2008book,
	title={Woonwerkdynamiek in Nederlandse gemeenten},
	author={Graaff, Thomas de and Van Oort, Frank G. and Boschman, Sanne},
	year={2008},
	publisher={Rotterdam/Den Haag: NAi Uitgevers/Ruimtelijk Planbureau}
}

@incollection{Arribas2016,
	address = {Berlin},
	author = {Arribas-Bel, Daniel and de Graaff, Thomas and Rey, Sergio},
	booktitle = {Regional Research Frontiers: The Next 50 Years},
	editor = {Jackson, Randall and Schaeffer, Peter},
	publisher = {Springer},
	title = {Looking at John Snow’s cholera map from the XXIst Century: a practical primer on reproducibility and Open Science},
	year = {\noop{3002}Forthcoming}
}

@incollection{DeGraaff2012cont,
address = {Cheltenham},
author = {de Graaff, Thomas and {Debrezion Andom}, Ghebre and Rietveld, Piet},
booktitle = {Accessibility analysis and transport planning},
editor = {Geurs, Karst T. and Krizek, K. J. and Reggiani, Aura},
pages = {154--172},
publisher = {Edward Elgar},
title = {The impact of accessibility on house prices: an application to large urban planning and infrastructure projects in the Netherlands},
year = {2012}
}
@incollection{DeGraaff2007cont,
address = {Heidelberg},
author = {de Graaff, Thomas and Rodenburg, Caroline A. },
booktitle = {Railway development: impacts on urban dynamics},
editor = {Bruinsma, Frank and Pels, Eric and Priemus, Hugo and Rietveld, Piet and van Wee, Bert},
pages = {213--233},
publisher = {Physica-Verlag},
title = {Measuring the WTP for shopping facilities around railway stations},
year = {2007}
}
@incollection{DeGraaff2004cont,
address = {Amsterdam},
author = {de Graaff, Thomas and Henri L.F. de Groot},
booktitle = {Urban Dynamics and Growth},
chapter = {13},
editor = {Capello, Roberta and Peter Nijkamp},
pages = {381--409},
publisher = {Elsevier},
title = {Ethnic Concentration and Human Capital Formation},
year = {2004}
}
@incollection{DeGraaff2006cont,
address = {Cheltenham},
author = {de Graaff, Thomas, Kees van Montfort and Peter Nijkamp},
booktitle = {Spatial Dynamics, Networks and Modelling},
editor = {Reggiani, Aura and Peter Nijkamp},
keywords = {Network,Networks,Regression,Simulation,Spatial},
chapter = {5},
pages = {91--117},
publisher = {Edward Elgar},
title = {Spatial Effects and Non-Linearity in Spatial Regression Models: Simulation Results for Several Misspecification Tests},
year = {2006}
}
@incollection{DeGraaff2009cont,
address = {Oxford},
author = {de Graaff, Thomas and van Leuvensteijn, Michiel and van Ewijk, Caspar},
booktitle = {Homeownership and the labour market in Europe},
chapter = {4},
edition = {1},
editor = {van Ewijk, Caspar and van Leuvensteijn, Michiel},
keywords = {Mobility},
pages = {53--81},
publisher = {Oxford University Press},
title = {Homeownership, social renting, and labour mobility across Europe},
year = {2009}
}
@incollection{DeGraaff2011cont,
address = {Berlin},
author = {de Graaff, Thomas and {Debrezion Andom}, Ghebre and Rietveld, Piet},
booktitle = {Transitions towards sustainable mobility: New solutions and approaches for sustainable mobility},
editor = {van Nuenen, J. and Huijbregts, P. and Rietveld, P.},
pages = {41--58},
publisher = {Springer-Verlag},
title = {The impact of accessibility on the value of offices},
year = {2011}
}
@incollection{Graaff2008cont,
address = {Cheltenham},
author = {de Graaff, Thomas and Cees Gorter and Henri L.F. de Groot and Peter Nijkamp},
booktitle = {Migration and human capital},
editor = {Waldorf, Brigitte and Leo van Wissen and Jacques Poot},
pages = {195--224},
publisher = {Edward Elgar},
title = {Ethnic network externalities and labor market integration},
year = {2008}
}
@incollection{DeGraaff2013cont,
address = {Berlin},
author = {de Graaff, Thomas and Zondag, Barry},
booktitle = {Employment location in cities and regions: models and applications},
editor = {Pagliara, F and de Bok, M and Simmonds, D and Wilson, A G},
pages = {57--87},
publisher = {Springer-Verlag},
title = {A population-employment interaction model as labour module in TIGRIS XL},
year = {2013}
}
@incollection{Florax2004cont,
address = {Berlin},
author = {Florax, Raymond J.G.M. and de Graaff, Thomas},
booktitle = {Advances in Spatial Econometrics},
editor = {Anselin, Luc and Florax, Raymond J.G.M. and Rey, Sergio},
keywords = {Dependence,Meta-analysis,Regression,Simulation,Spatial,Spatial Dependence,Spatial Econometrics},
chapter = {2},
pages = {29--65},
publisher = {Springer},
title = {The Performance of Diagnostics for Spatial Dependence in Linear Regression Models: A Meta-Analysis of Simulation Studies},
year = {2004}
}
@incollection{VanOort2008cont,
address = {Den Haag},
author = {van Oort, Frank G. and de Graaff, Thomas and Gusta Renes and Mark Thissen},
booktitle = {Agenda voor de woningmarkt: Koninklijke Vereniging voor de Staathuishoudkunde, preadviezen 2008},
editor = {Don, F J H},
pages = {101--125},
publisher = {SDU-uitgevers},
title = {Economische dynamiek en de randstedelijke woningmarkt},
year = {2008}
}

@misc{Arribas-Bel2014misc,
	author = {Arribas-Bel, Daniel and Thomas de Graaff},
	year = {2014}, 
	title = {Workshops on open workflows, 2nd Edition},
	doi = {10.5281/zenodo.11955},
	url = {http://darribas.org/WooWii}
}

@misc{DeGraaff2014misc,
	author = {Graaff, Thomas de},
	title = {Stedelijke voorzieningen en bevolking: wie woont waar en waarom?},
	year = {2014},
	howpublished = {in: Jessie Bakens, Henri de Groot, Peter Mulder and Cees-Jan Pen (eds.), \emph{Soort zoekt soort: Clustering en sociaal-economische scheidslijnen in Nederland}, platform31},
}

@misc{DeGraaff2009misc,
	author = {Graaff, Thomas de and Debrezion, Ghebre and Rietveld, Piet},
	title = {De invloed van bereikbaarheid op vastgoedwaarden van kantoren},
	howpublished = {Tijdschrift Vervoerswetenschap, 45, pp. 2--12},
	year = {2009}
}
	
@misc{DeGraaff2008misc,
	author = {Graaff, Thomas},
	title = {Door ITS op weg gestuurd},
	howpublished = {Rooilijn, 41, no. 6, pp. 450--451, (boekbespreking Raffael Argiolu: Choice Location Behaviour and Intelligent Transport Systems)},
	year = {2008}
}	
	
@misc{DeGraaff2007misc,
	author = {Graaff, Thomas and Michiel van Leuvensteijn and Aico van Vuuren},
	title = {Minder Overdrachtsbelasting Goed voor Arbeidsmarkt},
	howpublished = {Economisch Statistische Berichten, 92,pp. 634--635},
	year = {2007}
}	

@misc{DeGraaff2007amisc,
	author = {Graaff, Thomas},
	title = {Samen Werken, Samen Leven (Maar liever niet naast elkaar...?!)},
	howpublished = {Vuurwerk, 3, 5, pp. 6--9},
	year = {2007}
}

@misc{DeGraaff2004misc,
	author = {Graaff, Thomas de and Piet Rietveld},
	title = {Het Effect van ICT op Telewerken en Woon-werkverkeer},
	howpublished = {Tijdschrift Vervoerswetenschap, 40, pp. 14--18},
	year = {2004}
}
@misc{DeGraaff2003misc,
	author = {Graaff, Thomas de},
	title = {Integrating Immigrants},
	howpublished = {TI magazine, 7},
	year = {2003}
}

@misc{DeGraaff2001misc,
	author = {Graaff, Thomas de},
	title = {Taal, Adoptie en Integratie},
	howpublished = {Avenir, 8},
	year = {2001}
}

@misc{DeGraaff1999misc,
	author = {Graaff, Thomas de},
	title = {Institutional Dynamics as a Historical Process - Workshop Report on Avner Greif},
	howpublished = {NAKE Nieuws},
	year = {1999}
}